@InBook{ZIM,
	author = {H.-J Zimmemann},
	title = {Fuzzy Set Theory -- and Its Applications},
	chapter = {3},
	publisher = {Kluwer Academic Publishers},
	year = {1996},
	edition = {3rd}
}
