@inproceedings{roberts2007quadrotor,
  title={Quadrotor using minimal sensing for autonomous indoor flight},
  author={Roberts, James F and Stirling, Timothy and Zufferey, Jean-Christophe and Floreano, Dario},
  booktitle={European Micro Air Vehicle Conference and Flight Competition (EMAV2007)},
  number={LIS-CONF-2007-006},
  year={2007}
}
@inproceedings{ulrich2000vfh,
  title={{VFH*}: Local obstacle avoidance with look-ahead verification},
  author={Ulrich, Iwan and Borenstein, Johann},
  booktitle={ICRA},
  pages={2505--2511},
  year={2000}
}
@article{grabisch1995fuzzy,
  title={Fuzzy integral in multicriteria decision making},
  author={Grabisch, Michel},
  journal={Fuzzy sets and Systems},
  volume={69},
  number={3},
  pages={279--298},
  year={1995},
  publisher={Elsevier}
}
@article{tehrani2012preference,
  title={Preference learning using the choquet integral: The case of multipartite ranking},
  author={Tehrani, Ali Fallah and Cheng, Weiwei and H{\"u}llermeier, Eyke},
  journal={Fuzzy Systems, IEEE Transactions on},
  volume={20},
  number={6},
  pages={1102--1113},
  year={2012},
  publisher={IEEE}
}
@article{liou2014fuzzy,
  title={A fuzzy integral-based model for supplier evaluation and improvement},
  author={Liou, James JH and Chuang, Yen-Ching and Tzeng, Gwo-Hshiung},
  journal={Information Sciences},
  volume={266},
  pages={199--217},
  year={2014},
  publisher={Elsevier}
}
@article{labreuche2003choquet,
  title={The Choquet integral for the aggregation of interval scales in multicriteria decision making},
  author={Labreuche, Christophe and Grabisch, Michel},
  journal={Fuzzy Sets and Systems},
  volume={137},
  number={1},
  pages={11--26},
  year={2003},
  publisher={Elsevier}
}
@article{feng2010hybrid,
  title={A hybrid fuzzy integral decision-making model for locating manufacturing centers in China: A case study},
  author={Feng, Cheng-Min and Wu, Pei-Ju and Chia, Kai-Chieh},
  journal={European Journal of Operational Research},
  volume={200},
  number={1},
  pages={63--73},
  year={2010},
  publisher={Elsevier}
}
@article{geldermann2000fuzzy,
  title={Fuzzy outranking for environmental assessment. Case study: iron and steel making industry},
  author={Geldermann, Jutta and Spengler, Thomas and Rentz, Otto},
  journal={Fuzzy sets and systems},
  volume={115},
  number={1},
  pages={45--65},
  year={2000},
  publisher={Elsevier}
}
@article{kim1992real,
  title={Real-time obstacle avoidance using harmonic potential functions},
  author={Kim, Jin-Oh and Khosla, Pradeep K},
  journal={Robotics and Automation, IEEE Transactions on},
  volume={8},
  number={3},
  pages={338--349},
  year={1992},
  publisher={IEEE}
}
@article{chakravarthy1998obstacle,
  title={Obstacle avoidance in a dynamic environment: A collision cone approach},
  author={Chakravarthy, Animesh and Ghose, Debasish},
  journal={Systems, Man and Cybernetics, Part A: Systems and Humans, IEEE Transactions on},
  volume={28},
  number={5},
  pages={562--574},
  year={1998},
  publisher={IEEE}
}
@article{grabisch2000application,
  title={Application of the Choquet integral in multicriteria decision making},
  author={Grabisch, Michel and Roubens, Marc},
  journal={Fuzzy Measures and Integrals-Theory and Applications},
  pages={348--374},
  year={2000},
  publisher={Berlin: Springer}
}
@book{sousa2002fuzzy,
  title={Fuzzy decision making in modeling and control},
  author={Sousa, Jo{\~a}o MC and Kaymak, Uzay},
  volume={27},
  year={2002},
  publisher={World Scientific}
}
@inproceedings{ulrich1998vfhplus,
  title={{VFH+}: Reliable obstacle avoidance for fast mobile robots},
  author={Ulrich, Iwan and Borenstein, Johann},
  booktitle={Robotics and Automation, 1998. Proceedings. 1998 IEEE International Conference on},
  volume={2},
  pages={1572--1577},
  year={1998},
  organization={IEEE}
}
@article{borenstein1991vector,
  title={The vector field histogram-fast obstacle avoidance for mobile robots},
  author={Borenstein, Johann and Koren, Yoram},
  journal={Robotics and Automation, IEEE Transactions on},
  volume={7},
  number={3},
  pages={278--288},
  year={1991},
  publisher={IEEE}
}
@misc{wiki:UAV,
   author = "Wikipedia",
   title = "Unmanned aerial vehicle",
   year = "2015",
   url = "\url{https://en.wikipedia.org/wiki/Unmanned_aerial_vehicle}",
   note = "[Online; accessed 8-Nov-2015]"
}
@book{bouabdallah2007toward,
  title={Toward obstacle avoidance on quadrotors},
  author={Bouabdallah, Samir and Becker, Marcelo and de Perrot, Vincent and Siegwart, Roland Yves and Siegwart, Roland Yves and Siegwart, Roland Yves},
  year={2007},
  publisher={Citeseer}
}
@inproceedings{park2008uav,
  title={{UAV collision avoidance based on geometric approach}},
  author={Park, Jung-Woo and Oh, Hyon-Dong and Tahk, Min-Jea},
  booktitle={SICE Annual Conference, 2008},
  pages={2122--2126},
  year={2008},
  organization={IEEE}
}
@article{khatib1986real,
  title={Real-time obstacle avoidance for manipulators and mobile robots},
  author={Khatib, Oussama},
  journal={The international journal of robotics research},
  volume={5},
  number={1},
  pages={90--98},
  year={1986},
  publisher={Sage Publications}
}
@inproceedings{kandil2010collision,
  title={Collision avoidance in a recursive nested behaviour control structure for Unmanned Aerial Vehicles},
  author={Kandil, Amr and Wagner, Achim and Gotta, Alexander and Badreddin, Essameddin and others},
  booktitle={Systems Man and Cybernetics (SMC), 2010 IEEE International Conference on},
  pages={4276--4281},
  year={2010},
  organization={IEEE}
}
@article{gardiner2011collision,
  title={Collision avoidance techniques for unmanned aerial vehicles},
  author={Gardiner, Ben and Ahmad, Waseem and Cooper, Travis and Haveard, Matthew and Holt, J and Biaz, S},
  journal={Auburn University, Auburn},
  year={2011}
}
@inproceedings{rathbun2002evolution,
  title={{An evolution based path planning algorithm for autonomous motion of a UAV through uncertain environments}},
  author={Rathbun, David and Kragelund, Sean and Pongpunwattana, Anawat and Capozzi, Brian},
  booktitle={Digital Avionics Systems Conference, 2002. Proceedings. The 21st},
  volume={2},
  pages={8D2--1},
  year={2002},
  organization={IEEE}
}