@Unpublished{DR,
    author = {{Dr. Safayani}},
    title = {Fuzzy Integral Lecture},
    year = {2015}
}

@InCollection{THEPAPER,
    author = {Ali Fallah Tehrani and Weiwei Cheng and Eyke Hullermeier},
    title = {{Preference Learning Using the Choquet Integral: The Case of Multipartite Ranking}},
    booktitle = {Fuzzy Systems},
    pages = {1102-1113},
    publisher = {IEEE Transactions},
    year = {Dec. 2012},
    volume = {20},
    no = {6}
}

@InBook{P0,
    author = {Johannes Furnkranz and Eyke Hullermeier},
    title = {Encyclopedia of Machine Learning},
    chapter = {Preference Learning},
    publisher = {Springer},
    year = {2010},
    pages = {789-795}
}



@Article{P1,
    author = {{Johannes Furnkranz and Eyke Hullermeier}},
    title = {{Preference Learning}},
    journal = {Kunstliche Intelligenz},
    year = {2005},
    pages = {60-61}
}


@InBook{P2,
    author = {Eyke Hullermeier and Johannes Furnkranz and Weiwei Cheng and Klaus Brinker},
    title = {Artificial Intelligence},
    chapter = {{Label ranking by learning pairwise preferences}},
    publisher = {ScienceDirect},
    year = {2008},
    no = {172}
}
