@Article{THEPAPER,
    author = {H. Ishibuchi and K. Nozaki and H. Tanaka},
    title = {Distributed representation of fuzzy rules and its application to pattern classification},
    journal = {Fuzzy Sets Syst.},
    year = {1993},
    volume = {59},
    OPTpages = {295 -304}
}
