@InCollection{THEPAPER,
author = {Shinya Kikuchi},
title = {{A method to defuzzify the fuzzy number: transportation problem application}},
booktitle = {Fuzzy Sets and Systems},
pages = {3-9},
publisher = {Elsevier},
year = {2000},
volume = {116}
}
