@article{rigutini2011sortnet,
  title={SortNet: Learning to rank by a neural preference function},
  author={Rigutini, Leonardo and Papini, Tiziano and Maggini, Marco and Scarselli, Franco},
  journal={Neural Networks, IEEE Transactions on},
  volume={22},
  number={9},
  pages={1368--1380},
  year={2011},
  publisher={IEEE}
}

@InBook{P0,
    author = {Johannes Furnkranz and Eyke Hullermeier},
    title = {Encyclopedia of Machine Learning},
    chapter = {Preference Learning},
    publisher = {Springer},
    year = {2010},
    pages = {789-795}
}



@Article{P1,
    author = {{Johannes Furnkranz and Eyke Hullermeier}},
    title = {{Preference Learning}},
    journal = {Kunstliche Intelligenz},
    year = {2005},
    pages = {60-61}
}


@InBook{P2,
    author = {Eyke Hullermeier and Johannes Furnkranz and Weiwei Cheng and Klaus Brinker},
    title = {Artificial Intelligence},
    chapter = {{Label ranking by learning pairwise preferences}},
    publisher = {ScienceDirect},
    year = {2008},
    no = {172}
}
