@article{raykar2008fast,
  title={A fast algorithm for learning a ranking function from large-scale data sets},
  author={Raykar, Vikas C and Duraiswami, Ramani and Krishnapuram, Balaji},
  journal={Pattern Analysis and Machine Intelligence, IEEE Transactions on},
  volume={30},
  number={7},
  pages={1158--1170},
  year={2008},
  publisher={IEEE}
}

@InBook{P0,
    author = {Johannes Furnkranz and Eyke Hullermeier},
    title = {Encyclopedia of Machine Learning},
    chapter = {Preference Learning},
    publisher = {Springer},
    year = {2010},
    pages = {789-795}
}



@Article{P1,
    author = {{Johannes Furnkranz and Eyke Hullermeier}},
    title = {{Preference Learning}},
    journal = {Kunstliche Intelligenz},
    year = {2005},
    pages = {60-61}
}


@InBook{P2,
    author = {Eyke Hullermeier and Johannes Furnkranz and Weiwei Cheng and Klaus Brinker},
    title = {Artificial Intelligence},
    chapter = {{Label ranking by learning pairwise preferences}},
    publisher = {ScienceDirect},
    year = {2008},
    no = {172}
}
