@article{uc2013novel,
  title={A novel reinforcement learning architecture for continuous state and action spaces},
  author={Uc-Cetina, V{\'\i}ctor},
  journal={Advances in Artificial Intelligence},
  volume={2013},
  pages={7},
  year={2013},
  publisher={Hindawi Publishing Corp.}
}

@inproceedings{lazaric2007reinforcement,
  title={Reinforcement learning in continuous action spaces through sequential Monte Carlo methods},
  author={Lazaric, Alessandro and Restelli, Marcello and Bonarini, Andrea},
  booktitle={Advances in neural information processing systems},
  pages={833--840},
  year={2007}
}