@Article{THEPAPER,
    author = {Ali Fallah Tehrani and Weiwei Cheng and Eyke Hullermeier},
    title = {Preference Learning Using the Choquet Integral: The Case of Multipartite Ranking},
    journal = {IEEE Transactions On Fuzzy Systems},
    year = {2012},
    volume = {20},
    number = {6}
}
