@InBook{IAMR,
	author = "Roland Siegwart and Illah R. Nourbakhsh and Davide Scaramuzza",
	title = "Introduction to Autonomous Mobile Robots",
	chapter = "3",
	publisher = "The MIT Press",
	year = "2011",
	edition = "2ed"
}
