@article{lumelsky1990incorporating,
  title={Incorporating range sensing in the robot navigation function},
  author={Lumelsky, Vladimir and Skewis, Tim},
  journal={Systems, Man and Cybernetics, IEEE Transactions on},
  volume={20},
  number={5},
  pages={1058--1069},
  year={1990},
  publisher={IEEE}
}

@incollection{lumelsky1990path,
  title={Path-planning strategies for a point mobile automaton moving amidst unknown obstacles of arbitrary shape},
  author={Lumelsky, Vladimir J and Stepanov, Alexander A},
  booktitle={Autonomous robot vehicles},
  pages={363--390},
  year={1990},
  publisher={Springer}
}

@article{khatib1986real,
  title={Real-time obstacle avoidance for manipulators and mobile robots},
  author={Khatib, Oussama},
  journal={The international journal of robotics research},
  volume={5},
  number={1},
  pages={90--98},
  year={1986},
  publisher={Sage Publications}
}

@inproceedings{khatib1995extended,
  title={An extended potential field approach for mobile robot sensor-based motions},
  author={Khatib, Maher and Chatila, Raja},
  booktitle={Proc. International Conference on Intelligent Autonomous Systems (IASâ€™4)},
  year={1995}
}

@article{borenstein1989real,
  title={Real-time obstacle avoidance for fast mobile robots},
  author={Borenstein, Johann and Koren, Yorem},
  journal={Systems, Man and Cybernetics, IEEE Transactions on},
  volume={19},
  number={5},
  pages={1179--1187},
  year={1989},
  publisher={IEEE}
}

@article{borenstein1991vector,
  title={The vector field histogram-fast obstacle avoidance for mobile robots},
  author={Borenstein, Johann and Koren, Yoram},
  journal={Robotics and Automation, IEEE Transactions on},
  volume={7},
  number={3},
  pages={278--288},
  year={1991},
  publisher={IEEE}
}

@inproceedings{borenstein1990real,
  title={Real-time obstacle avoidance for fast mobile robots in cluttered environments},
  author={Borenstein, Johann and Koren, Yoram},
  booktitle={Robotics and Automation, 1990. Proceedings., 1990 IEEE International Conference on},
  pages={572--577},
  year={1990},
  organization={IEEE}
}
