@Article{THEPAPER,
    author = "Bruce Ebanks and Waldemar Karwowski and Krzysztof Ostaszewski",
    title = "Application Of Measures Of Fuzziness To Risk Classification In Insurance",
    journal = "IEEE",
    year = 1992,
}
